@MISC{pbdR2012,
  author = {Ostrouchov, G. and Chen, W.-C. and Schmidt, D. and Patel, P.},
  title = {Programming with Big Data in R},
  year = {2012},
  url = {http://r-pbd.org/}
}

@inproceedings{pdac,
  author = {Schmidt, D. and Ostrouchov, G. and Chen, W.-C. and Patel, P.},
  title = {Tight Coupling of R and Distributed Linear Algebra for High-Level Programming with Big Data},
  year = {2012},
  booktitle = {2012 SC Companion: High Performance Computing, Networking Storage and Analysis},
  organization = {IEEE Computer Society},
  editor = {Kellenberger, Patrick}
}


@MISC{web:datadist,
  author = {{The ScaLAPACK Team}},
  title = {Block Cyclic Data Distribution},
  month = {aug},
  year = {2010},
  url = {http://acts.nersc.gov/scalapack/hands-on/datadist.html/}
}

@TECHREPORT{blug,
    author    = {Dongarra, J. and Whaley, R. C.},
    title     = {A User's Guide to the BLACS},
    institution = {University of Tennessee},
    year      = {1995},
    month    = {mar},
    note     = {UT-CS-95-281}
}

@BOOK{slug,
  AUTHOR = {Blackford, L. S. and Choi, J. and Cleary, A. and
	    D'Azevedo, E. and Demmel, J. and Dhillon, I. and
	    Dongarra, J. and Hammarling, S. and Henry, G. and
	    Petitet, A. and Stanley, K. and Walker, D. and
	    Whaley, R. C.},
  TITLE = {{ScaLAPACK} Users' Guide},
  PUBLISHER = {Society for Industrial and Applied Mathematics},
  YEAR = {1997},
  URL = {http://netlib.org/scalapack/slug/scalapack_slug.html/},
  ADDRESS = {Philadelphia, PA},
  ISBN = {0-89871-397-8 (paperback)} 
}

%%%%%%%%%%%%%%%%%%%%%%%%%%%%%%%%%%%%%%%%%

@MISC{Chen2012pbdMPIpackage,
  author = {Chen, W.-C. and Ostrouchov, G. and Schmidt, D. and Patel, P. and
            Yu, H.},
  title = {pbdMPI: Programming with Big Data -- Interface to MPI},
  year = {2012},
  note = {R Package},
  url = {http://cran.r-project.org/package=pbdMPI}
}
@MISC{Chen2012pbdMPIvignette,
  author = {Chen, W.-C. and Ostrouchov, G. and Schmidt, D. and Patel, P. and
            Yu, H.},
  title = {A Quick Guide for the pbdMPI package},
  year = {2012},
  note = {R Vignette},
  url = {http://cran.r-project.org/package=pbdMPI}
}
@MISC{Chen2012pbdSLAPpackage,
  author = {Chen, W.-C. and Schmidt, D. and Ostrouchov, G. and Patel, P.},
  title = {pbdSLAP: Programming with Big Data --
           Scalable Linear Algebra Packages},
  year = {2012},
  note = {R Package},
  url = {http://cran.r-project.org/package=pbdSLAP}
}
@MISC{Chen2012pbdSLAPvignette,
  author = {Chen, W.-C. and Schmidt, D. and Ostrouchov, G. and Patel, P.},
  title = {A Quick Guide for the pbdSLAP package},
  year = {2012},
  note = {R Vignette},
  url = {http://cran.r-project.org/package=pbdSLAP}
}
@MISC{Schmidt2012pbdBASEpackage,
  author = {Schmidt, D. and Chen, W.-C. and Ostrouchov, G. and Patel, P.},
  title = {pbdBASE: Programming with Big Data --
           Core pbd Classes and Methods},
  year = {2012},
  note = {R Package},
  url = {http://cran.r-project.org/package=pbdBASE}
}
@MISC{Schmidt2012pbdBASEvignette,
  author = {Schmidt, D. and Chen, W.-C. and Ostrouchov, G. and Patel, P.},
  title = {A Quick Guide for the pbdBASE package},
  year = {2012},
  note = {R Vignette},
  url = {http://cran.r-project.org/package=pbdBASE}
}
@MISC{Schmidt2012pbdDMATpackage,
  author = {Schmidt, D. and Chen, W.-C. and Ostrouchov, G. and Patel, P.},
  title = {pbdDMAT: Programming with Big Data --
           Distributed Matrix Algebra Computation},
  year = {2012},
  note = {R Package},
  url = {http://cran.r-project.org/package=pbdDMAT}
}
@MISC{Schmidt2012pbdDMATvignette,
  author = {Schmidt, D. and Chen, W.-C. and Ostrouchov, G. and Patel, P.},
  title = {A Quick Guide for the pbdDMAT package},
  year = {2012},
  note = {R Vignette},
  url = {http://cran.r-project.org/package=pbdDMAT}
}
@BOOK{ScaLAPACK1997,
  author = {Blackford, L.S. and Choi, J. and Cleary, A. and D'Azevedo, E. and
            Demmel, J. and Dhillon, I. and Dongarra, J. and Hammarling, S. and
            Henry, G. and Petitet, A. and Stanley, K. and Walker, D. and
            Whaley, R.C.},
  title = {{ScaLAPACK} Users' Guide.},
  year = {1997},
  publisher = "Society for Industrial and Applied Mathematics",
  address = "Philadelphia, PA",
  isbn = "0-89871-397-8 (paperback)",
  url = "http://www.netlib.org/scalapack/"
}

@ARTICLE{Schmidberger2009,
  author = {Schmidberger, M. and Morgan, M. and Eddelbuettel, D. and Yu, H. and
            Tierney, L. and Mansmann, U.},
  title = {State of the Art in Parallel Computing with {R}},
  journal = {Journal of Statistical Software},
  year = {2009},
  volume = {31},
  long_journal = {Journal of Statistical Software}
}
@Manual{Rcore,
  title = {R: A Language and Environment for Statistical Computing},
  author = {{R Core Team}},
  organization = {R Foundation for Statistical Computing},
  address = {Vienna, Austria},
  year = {2012},
  note = {{ISBN} 3-900051-07-0},
  url = {http://www.r-project.org/},
}
@MISC{Yu2010,
  author = {Yu, H.},
  title = {Rmpi: Interface (Wrapper) to MPI (Message-Passing Interface))},
  year = {2010},
  note = {R Package (v:0.5-9)},
  url = {http://cran.r-project.org/package=Rmpi}
}
@MISC{Tierney2012,
  title = {snow: Simple Network of Workstations},
  author = {Luke Tierney and A. J. Rossini and Na Li and H. Sevcikova},
  year = {2012},
  note = {R package (v:0.3-9)},
  url = {http://cran.r-project.org/package=snow}
}
@MISC{Urbanek2011,
  title = {multicore: Parallel processing of R code on machines with multiple cores or CPUs},
  author = {Simon Urbanek},
  year = {2011},
  note = {R package (v:0.1-7)},
  url = {http://cran.r-project.org/package=multicore}
}




@TECHREPORT{s4chambers,
    author    = {Chambers, J.},
    title     = {How S4 Methods Work},
    institution = {The R-Project for Statistical Computing},
    year      = {2006},
    month    = {aug},
    url       = {http://developer.r-project.org/howMethodsWork.pdf}
}

@TECHREPORT{s4notsoshort,
    author    = {Genolini, C.},
    title     = {A (Not So) Short Introduction to S4},
    institution = {The R-Project for Statistical Computing},
    year      = {2008},
    month    = {aug},
    url       = {http://cran.r-project.org/doc/contrib/Genolini-S4tutorialV0-5en.pdf}
}
